<?xml version="1.0" encoding="UTF-8"?><collection xmlns="http://www.loc.gov/MARC21/slim"><record><leader>00650nam--2200205-i-4500</leader><controlfield tag="001">000013670</controlfield><controlfield tag="002">20161230</controlfield><controlfield tag="005">20161230201030</controlfield><controlfield tag="008">060222s1000------------r-----000-0-eng-d</controlfield><datafield ind1=" " ind2=" " tag="020"><subfield code="a">0851865569</subfield></datafield><datafield ind1=" " ind2=" " tag="040"><subfield code="a">IFIN-HH</subfield></datafield><datafield ind1=" " ind2=" " tag="080"><subfield code="a">535.338:539.194</subfield></datafield><datafield ind1="1" ind2=" " tag="100"><subfield code="a">Barrow, R.F./S.A.</subfield></datafield><datafield ind1="1" ind2="0" tag="245"><subfield code="a">Molecular spectroscopy</subfield><subfield code="b">Vol.6: a review of the literature published in 1977 and 1978</subfield><subfield code="c">R.f. barrow; d.a. long; j. sheridan (senior reporters)</subfield></datafield><datafield ind1=" " ind2=" " tag="260"><subfield code="a">London</subfield><subfield code="b">The Chemical Society</subfield><subfield code="c">1979</subfield></datafield><datafield ind1=" " ind2=" " tag="300"><subfield code="a">VIII + 328 P</subfield></datafield><datafield ind1=" " ind2=" " tag="490"><subfield code="a">A Specialist Periodical Report</subfield></datafield><datafield ind1="1" ind2=" " tag="700"><subfield code="a">Sheridan, J</subfield><subfield code="e">Ed</subfield></datafield><datafield ind1=" " ind2=" " tag="852"><subfield code="a">49188</subfield><subfield code="c">535.33</subfield></datafield><datafield ind1=" " ind2=" " tag="CAT"><subfield code="a">Sys</subfield><subfield code="c">20101216</subfield><subfield code="h">140129</subfield></datafield></record></collection>